[
    {
        "순위": "1",
        "영화명": "명량",
        "개봉일": "2014-07-30",
        "매출액": "135762515310",
        "관객수": "17616371",
        "스크린수": "1587",
        "상영횟수": "188730",
        "대표국적": "한국",
        "국적": "한국",
        "배급사": "(주)씨제이이엔엠",
        "영화설명":""
    },
    {
        "순위": "2",
        "영화명": "극한직업",
        "개봉일": "2019-01-23",
        "매출액": "139657105516",
        "관객수": "16266480",
        "스크린수": "2003",
        "상영횟수": "292817",
        "대표국적": "한국",
        "국적": "한국",
        "배급사": "(주)씨제이이엔엠"
    },
    {
        "순위": "3",
        "영화명": "신과함께-죄와 벌",
        "개봉일": "2017-12-20",
        "매출액": "115727528087",
        "관객수": "14414658",
        "스크린수": "1912",
        "상영횟수": "214631",
        "대표국적": "한국",
        "국적": "한국",
        "배급사": "롯데쇼핑㈜롯데엔터테인먼트"
    },
    {
        "순위": "4",
        "영화명": "국제시장",
        "개봉일": "2014-12-17",
        "매출액": "110957329230",
        "관객수": "14266019",
        "스크린수": "1044",
        "상영횟수": "212722",
        "대표국적": "한국",
        "국적": "한국",
        "배급사": "(주)씨제이이엔엠"
    },
    {
        "순위": "5",
        "영화명": "어벤져스: 엔드게임",
        "개봉일": "2019-04-24",
        "매출액": "122490648020",
        "관객수": "13977409",
        "스크린수": "2835",
        "상영횟수": "246411",
        "대표국적": "미국",
        "국적": "미국",
        "배급사": "월트디즈니컴퍼니코리아 유한책임회사"
    },
    {
        "순위": "6",
        "영화명": "겨울왕국 2",
        "개봉일": "2019-11-21",
        "매출액": "115033955041",
        "관객수": "13768797",
        "스크린수": "2648",
        "상영횟수": "301536",
        "대표국적": "미국",
        "국적": "미국",
        "배급사": "월트디즈니컴퍼니코리아 유한책임회사"
    },
    {
        "순위": "7",
        "영화명": "베테랑",
        "개봉일": "2015-08-05",
        "매출액": "105170856250",
        "관객수": "13414484",
        "스크린수": "1115",
        "상영횟수": "199307",
        "대표국적": "한국",
        "국적": "한국",
        "배급사": "(주)씨제이이엔엠"
    },
    {
        "순위": "8",
        "영화명": "아바타",
        "개봉일": "2009-12-17",
        "매출액": "125297849000",
        "관객수": "13337833",
        "스크린수": "910",
        "상영횟수": "164437",
        "대표국적": "미국",
        "국적": "미국",
        "배급사": "주식회사 해리슨앤컴퍼니,이십세기폭스코리아(주)"
    },
    {
        "순위": "9",
        "영화명": "서울의 봄",
        "개봉일": "2023-11-22",
        "매출액": "127927795212",
        "관객수": "13128178",
        "스크린수": "2463",
        "상영횟수": "374540",
        "대표국적": "한국",
        "국적": "한국",
        "배급사": "플러스엠 엔터테인먼트"
    },
    {
        "순위": "10",
        "영화명": "도둑들",
        "개봉일": "2012-07-25",
        "매출액": "93672497700",
        "관객수": "12984701",
        "스크린수": "1091",
        "상영횟수": "155487",
        "대표국적": "한국",
        "국적": "한국,홍콩",
        "배급사": "(주)쇼박스"
    },
    {
        "순위": "11",
        "영화명": "7번방의 선물",
        "개봉일": "2013-01-23",
        "매출액": "91437620170",
        "관객수": "12812186",
        "스크린수": "866",
        "상영횟수": "167014",
        "대표국적": "한국",
        "국적": "한국",
        "배급사": "(주)넥스트엔터테인먼트월드(NEW)"
    },
    {
        "순위": "12",
        "영화명": "알라딘",
        "개봉일": "2019-05-23",
        "매출액": "109083614867",
        "관객수": "12800870",
        "스크린수": "1409",
        "상영횟수": "284954",
        "대표국적": "미국",
        "국적": "미국",
        "배급사": "월트디즈니컴퍼니코리아 유한책임회사"
    },
    {
        "순위": "13",
        "영화명": "암살",
        "개봉일": "2015-07-22",
        "매출액": "98472466681",
        "관객수": "12707330",
        "스크린수": "1519",
        "상영횟수": "175332",
        "대표국적": "한국",
        "국적": "한국",
        "배급사": "(주)쇼박스"
    },
    {
        "순위": "14",
        "영화명": "범죄도시2",
        "개봉일": "2022-05-18",
        "매출액": "131298796478",
        "관객수": "12693415",
        "스크린수": "2521",
        "상영횟수": "355768",
        "대표국적": "한국",
        "국적": "한국",
        "배급사": "주식회사 에이비오엔터테인먼트,플러스엠 엔터테인먼트"
    },
    {
        "순위": "15",
        "영화명": "광해, 왕이 된 남자",
        "개봉일": "2012-09-13",
        "매출액": "88913283469",
        "관객수": "12324062",
        "스크린수": "1001",
        "상영횟수": "203464",
        "대표국적": "한국",
        "국적": "한국",
        "배급사": "(주)씨제이이엔엠"
    },
    {
        "순위": "16",
        "영화명": "신과함께-인과 연",
        "개봉일": "2018-08-01",
        "매출액": "102689349539",
        "관객수": "12278010",
        "스크린수": "2235",
        "상영횟수": "180750",
        "대표국적": "한국",
        "국적": "한국",
        "배급사": "롯데컬처웍스(주)롯데엔터테인먼트"
    },
    {
        "순위": "17",
        "영화명": "택시운전사",
        "개봉일": "2017-08-02",
        "매출액": "95872359149",
        "관객수": "12189800",
        "스크린수": "1906",
        "상영횟수": "184228",
        "대표국적": "한국",
        "국적": "한국",
        "배급사": "(주)쇼박스"
    },
    {
        "순위": "18",
        "영화명": "파묘",
        "개봉일": "2024-02-22",
        "매출액": "115149054414",
        "관객수": "11913821",
        "스크린수": "2367",
        "상영횟수": "364894",
        "대표국적": "한국",
        "국적": "한국",
        "배급사": "(주)쇼박스"
    },
    {
        "순위": "19",
        "영화명": "부산행",
        "개봉일": "2016-07-20",
        "매출액": "93188170548",
        "관객수": "11567816",
        "스크린수": "1788",
        "상영횟수": "151535",
        "대표국적": "한국",
        "국적": "한국",
        "배급사": "(주)넥스트엔터테인먼트월드(NEW)"
    },
    {
        "순위": "20",
        "영화명": "범죄도시4",
        "개봉일": "2024-04-24",
        "매출액": "110038420734",
        "관객수": "11501621",
        "스크린수": "2980",
        "상영횟수": "375429",
        "대표국적": "한국",
        "국적": "한국",
        "배급사": "주식회사 에이비오엔터테인먼트,플러스엠 엔터테인먼트"
    },
    {
        "순위": "21",
        "영화명": "변호인",
        "개봉일": "2013-12-18",
        "매출액": "82876713788",
        "관객수": "11375399",
        "스크린수": "925",
        "상영횟수": "152290",
        "대표국적": "한국",
        "국적": "한국",
        "배급사": "(주)넥스트엔터테인먼트월드(NEW)"
    },
    {
        "순위": "22",
        "영화명": "해운대",
        "개봉일": "2009-07-22",
        "매출액": "81028720000",
        "관객수": "11325117",
        "스크린수": "764",
        "상영횟수": "154332",
        "대표국적": "한국",
        "국적": "한국",
        "배급사": "CJ ENM"
    },
    {
        "순위": "23",
        "영화명": "어벤져스: 인피니티 워",
        "개봉일": "2018-04-25",
        "매출액": "100081428549",
        "관객수": "11233176",
        "스크린수": "2553",
        "상영횟수": "243677",
        "대표국적": "미국",
        "국적": "미국",
        "배급사": "월트디즈니컴퍼니코리아 유한책임회사"
    },
    {
        "순위": "24",
        "영화명": "괴물",
        "개봉일": "2006-07-27",
        "매출액": "66618683300",
        "관객수": "10900281",
        "스크린수": "647",
        "상영횟수": "112933",
        "대표국적": "한국",
        "국적": "한국",
        "배급사": "(주)쇼박스"
    },
    {
        "순위": "25",
        "영화명": "아바타: 물의 길",
        "개봉일": "2022-12-14",
        "매출액": "137647728899",
        "관객수": "10805069",
        "스크린수": "2809",
        "상영횟수": "283036",
        "대표국적": "미국",
        "국적": "미국",
        "배급사": "월트디즈니컴퍼니코리아 유한책임회사"
    },
    {
        "순위": "26",
        "영화명": "범죄도시3",
        "개봉일": "2023-05-31",
        "매출액": "104687737771",
        "관객수": "10682813",
        "스크린수": "2582",
        "상영횟수": "311915",
        "대표국적": "한국",
        "국적": "한국",
        "배급사": "주식회사 에이비오엔터테인먼트,플러스엠 엔터테인먼트"
    },
    {
        "순위": "27",
        "영화명": "왕의 남자",
        "개봉일": "2005-12-29",
        "매출액": "66013095400",
        "관객수": "10513059",
        "스크린수": "313",
        "상영횟수": "111183",
        "대표국적": "한국",
        "국적": "한국",
        "배급사": "(주)씨제이이엔엠,(주)시네마서비스"
    },
    {
        "순위": "28",
        "영화명": "어벤져스: 에이지 오브 울트론",
        "개봉일": "2015-04-23",
        "매출액": "88645598646",
        "관객수": "10504487",
        "스크린수": "1843",
        "상영횟수": "194385",
        "대표국적": "미국",
        "국적": "미국",
        "배급사": "월트디즈니컴퍼니코리아 유한책임회사,월트디즈니컴퍼니코리아(주)"
    },
    {
        "순위": "29",
        "영화명": "인터스텔라",
        "개봉일": "2014-11-06",
        "매출액": "83072616000",
        "관객수": "10342523",
        "스크린수": "1410",
        "상영횟수": "170542",
        "대표국적": "미국",
        "국적": "미국,영국",
        "배급사": "워너브러더스 코리아(주)"
    },
    {
        "순위": "30",
        "영화명": "겨울왕국",
        "개봉일": "2014-01-16",
        "매출액": "82778068337",
        "관객수": "10329222",
        "스크린수": "1010",
        "상영횟수": "160138",
        "대표국적": "미국",
        "국적": "미국",
        "배급사": "월트디즈니컴퍼니코리아 유한책임회사,소니픽쳐스릴리징월트디즈니스튜디오스코리아(주)"
    },
    {
        "순위": "31",
        "영화명": "기생충",
        "개봉일": "2019-05-30",
        "매출액": "87468874795",
        "관객수": "10314370",
        "스크린수": "1948",
        "상영횟수": "206648",
        "대표국적": "한국",
        "국적": "한국",
        "배급사": "(주)씨제이이엔엠"
    },
    {
        "순위": "32",
        "영화명": "보헤미안 랩소디",
        "개봉일": "2018-10-31",
        "매출액": "86280975785",
        "관객수": "9948386",
        "스크린수": "1179",
        "상영횟수": "232226",
        "대표국적": "미국",
        "국적": "미국",
        "배급사": "월트디즈니컴퍼니코리아 유한책임회사,이십세기폭스코리아(주)"
    },
    {
        "순위": "33",
        "영화명": "검사외전",
        "개봉일": "2016-02-03",
        "매출액": "77320403264",
        "관객수": "9707581",
        "스크린수": "1812",
        "상영횟수": "153532",
        "대표국적": "한국",
        "국적": "한국",
        "배급사": "(주)쇼박스"
    },
    {
        "순위": "34",
        "영화명": "엑시트",
        "개봉일": "2019-07-31",
        "매출액": "79247382162",
        "관객수": "9427827",
        "스크린수": "1660",
        "상영횟수": "202430",
        "대표국적": "한국",
        "국적": "한국",
        "배급사": "(주)씨제이이엔엠"
    },
    {
        "순위": "35",
        "영화명": "설국열차",
        "개봉일": "2013-08-01",
        "매출액": "67041826880",
        "관객수": "9354547",
        "스크린수": "1128",
        "상영횟수": "126025",
        "대표국적": "한국",
        "국적": "한국,체코",
        "배급사": "(주)씨제이이엔엠"
    },
    {
        "순위": "36",
        "영화명": "관상",
        "개봉일": "2013-09-11",
        "매출액": "66007271000",
        "관객수": "9135463",
        "스크린수": "1240",
        "상영횟수": "125098",
        "대표국적": "한국",
        "국적": "한국",
        "배급사": "(주)쇼박스"
    },
    {
        "순위": "37",
        "영화명": "아이언맨 3",
        "개봉일": "2013-04-25",
        "매출액": "70848882320",
        "관객수": "9005673",
        "스크린수": "1389",
        "상영횟수": "164283",
        "대표국적": "미국",
        "국적": "미국",
        "배급사": "소니픽쳐스릴리징월트디즈니스튜디오스코리아(주)"
    },
    {
        "순위": "38",
        "영화명": "인사이드 아웃 2",
        "개봉일": "2024-06-12",
        "매출액": "84472035036",
        "관객수": "8794604",
        "스크린수": "2619",
        "상영횟수": "331310",
        "대표국적": "미국",
        "국적": "미국",
        "배급사": "월트디즈니컴퍼니코리아 유한책임회사"
    },
    {
        "순위": "39",
        "영화명": "캡틴 아메리카: 시빌 워",
        "개봉일": "2016-04-27",
        "매출액": "72686676527",
        "관객수": "8678761",
        "스크린수": "1991",
        "상영횟수": "161744",
        "대표국적": "미국",
        "국적": "미국",
        "배급사": "월트디즈니컴퍼니코리아 유한책임회사,월트디즈니컴퍼니코리아(주)"
    },
    {
        "순위": "40",
        "영화명": "해적: 바다로 간 산적",
        "개봉일": "2014-08-06",
        "매출액": "66372140706",
        "관객수": "8666208",
        "스크린수": "910",
        "상영횟수": "133354",
        "대표국적": "한국",
        "국적": "한국",
        "배급사": "롯데쇼핑㈜롯데엔터테인먼트"
    },
    {
        "순위": "41",
        "영화명": "수상한 그녀",
        "개봉일": "2014-01-22",
        "매출액": "62732412849",
        "관객수": "8662220",
        "스크린수": "1027",
        "상영횟수": "137028",
        "대표국적": "한국",
        "국적": "한국",
        "배급사": "(주)씨제이이엔엠"
    },
    {
        "순위": "42",
        "영화명": "백두산",
        "개봉일": "2019-12-19",
        "매출액": "69831688800",
        "관객수": "8253470",
        "스크린수": "1971",
        "상영횟수": "174506",
        "대표국적": "한국",
        "국적": "한국",
        "배급사": "(주)씨제이이엔엠,(주)덱스터스튜디오"
    },
    {
        "순위": "43",
        "영화명": "탑건: 매버릭",
        "개봉일": "2022-06-22",
        "매출액": "88402912594",
        "관객수": "8234207",
        "스크린수": "1975",
        "상영횟수": "253093",
        "대표국적": "미국",
        "국적": "미국",
        "배급사": "롯데컬처웍스(주)롯데엔터테인먼트"
    },
    {
        "순위": "44",
        "영화명": "과속스캔들",
        "개봉일": "2008-12-03",
        "매출액": "53801341400",
        "관객수": "8223342",
        "스크린수": "408",
        "상영횟수": "145556",
        "대표국적": "한국",
        "국적": "한국",
        "배급사": "롯데쇼핑㈜롯데엔터테인먼트"
    },
    {
        "순위": "45",
        "영화명": "국가대표",
        "개봉일": "2009-07-29",
        "매출액": "57570773000",
        "관객수": "8035181",
        "스크린수": "570",
        "상영횟수": "131671",
        "대표국적": "한국",
        "국적": "한국",
        "배급사": "(주)쇼박스"
    },
    {
        "순위": "46",
        "영화명": "스파이더맨: 파 프롬 홈",
        "개봉일": "2019-07-02",
        "매출액": "69033177100",
        "관객수": "8023606",
        "스크린수": "2142",
        "상영횟수": "181035",
        "대표국적": "미국",
        "국적": "미국",
        "배급사": "소니픽쳐스엔터테인먼트코리아주식회사극장배급지점"
    },
    {
        "순위": "47",
        "영화명": "디워",
        "개봉일": "2007-08-01",
        "매출액": "49340084700",
        "관객수": "7855474",
        "스크린수": "622",
        "상영횟수": "96439",
        "대표국적": "한국",
        "국적": "한국",
        "배급사": "(주)쇼박스"
    },
    {
        "순위": "48",
        "영화명": "공조",
        "개봉일": "2017-01-18",
        "매출액": "63783534886",
        "관객수": "7817686",
        "스크린수": "1392",
        "상영횟수": "142999",
        "대표국적": "한국",
        "국적": "한국",
        "배급사": "(주)씨제이이엔엠"
    },
    {
        "순위": "49",
        "영화명": "트랜스포머 3",
        "개봉일": "2011-06-29",
        "매출액": "74842906588",
        "관객수": "7785189",
        "스크린수": "1409",
        "상영횟수": "124464",
        "대표국적": "미국",
        "국적": "미국",
        "배급사": "(주)씨제이이엔엠"
    },
    {
        "순위": "50",
        "영화명": "히말라야",
        "개봉일": "2015-12-16",
        "매출액": "60175363015",
        "관객수": "7759761",
        "스크린수": "1095",
        "상영횟수": "142715",
        "대표국적": "한국",
        "국적": "한국",
        "배급사": "(주)씨제이이엔엠"
    },
    {
        "순위": "51",
        "영화명": "스파이더맨: 노 웨이 홈",
        "개봉일": "2021-12-15",
        "매출액": "75198259210",
        "관객수": "7552425",
        "스크린수": "2948",
        "상영횟수": "276708",
        "대표국적": "미국",
        "국적": "미국",
        "배급사": "소니픽쳐스엔터테인먼트코리아주식회사극장배급지점"
    },
    {
        "순위": "52",
        "영화명": "미션임파서블:고스트프로토콜",
        "개봉일": "2011-12-15",
        "매출액": "57302764500",
        "관객수": "7508991",
        "스크린수": "1024",
        "상영횟수": "114770",
        "대표국적": "미국",
        "국적": "미국",
        "배급사": "(주)씨제이이엔엠"
    },
    {
        "순위": "53",
        "영화명": "밀정",
        "개봉일": "2016-09-07",
        "매출액": "61270079831",
        "관객수": "7500457",
        "스크린수": "1444",
        "상영횟수": "138162",
        "대표국적": "한국",
        "국적": "한국,미국",
        "배급사": "워너브러더스 코리아(주)"
    },
    {
        "순위": "54",
        "영화명": "최종병기 활",
        "개봉일": "2011-08-10",
        "매출액": "55828707500",
        "관객수": "7470754",
        "스크린수": "615",
        "상영횟수": "130054",
        "대표국적": "한국",
        "국적": "한국",
        "배급사": "롯데쇼핑㈜롯데엔터테인먼트"
    },
    {
        "순위": "55",
        "영화명": "베테랑2",
        "개봉일": "2024-09-13",
        "매출액": "71409811594",
        "관객수": "7416492",
        "스크린수": "2691",
        "상영횟수": "265543",
        "대표국적": "한국",
        "국적": "한국",
        "배급사": "(주)씨제이이엔엠"
    },
    {
        "순위": "56",
        "영화명": "트랜스포머",
        "개봉일": "2007-06-28",
        "매출액": "47740418203",
        "관객수": "7405449",
        "스크린수": "863",
        "상영횟수": "93109",
        "대표국적": "미국",
        "국적": "미국",
        "배급사": "롯데컬처웍스(주)롯데엔터테인먼트,CJ ENM"
    },
    {
        "순위": "57",
        "영화명": "트랜스포머: 패자의 역습",
        "개봉일": "2009-06-24",
        "매출액": "50699866000",
        "관객수": "7393443",
        "스크린수": "1154",
        "상영횟수": "115150",
        "대표국적": "미국",
        "국적": "미국",
        "배급사": "CJ ENM"
    },
    {
        "순위": "58",
        "영화명": "써니",
        "개봉일": "2011-05-04",
        "매출액": "54041707200",
        "관객수": "7363457",
        "스크린수": "546",
        "상영횟수": "149158",
        "대표국적": "한국",
        "국적": "한국",
        "배급사": "(주)씨제이이엔엠"
    },
    {
        "순위": "59",
        "영화명": "한산: 용의 출현",
        "개봉일": "2022-07-27",
        "매출액": "73716705377",
        "관객수": "7267007",
        "스크린수": "2223",
        "상영횟수": "217786",
        "대표국적": "한국",
        "국적": "한국",
        "배급사": "롯데컬처웍스(주)롯데엔터테인먼트"
    },
    {
        "순위": "60",
        "영화명": "스파이더맨: 홈 커밍",
        "개봉일": "2017-07-05",
        "매출액": "59125813820",
        "관객수": "7258678",
        "스크린수": "1965",
        "상영횟수": "164448",
        "대표국적": "미국",
        "국적": "미국",
        "배급사": "소니픽쳐스엔터테인먼트코리아주식회사극장배급지점"
    },
    {
        "순위": "61",
        "영화명": "엘리멘탈",
        "개봉일": "2023-06-14",
        "매출액": "71152108486",
        "관객수": "7241486",
        "스크린수": "1664",
        "상영횟수": "247524",
        "대표국적": "미국",
        "국적": "미국",
        "배급사": "월트디즈니컴퍼니코리아 유한책임회사"
    },
    {
        "순위": "62",
        "영화명": "1987",
        "개봉일": "2017-12-27",
        "매출액": "58171986145",
        "관객수": "7232697",
        "스크린수": "1299",
        "상영횟수": "138236",
        "대표국적": "한국",
        "국적": "한국",
        "배급사": "(주)씨제이이엔엠"
    },
    {
        "순위": "63",
        "영화명": "베를린",
        "개봉일": "2013-01-30",
        "매출액": "52358372637",
        "관객수": "7166688",
        "스크린수": "894",
        "상영횟수": "111760",
        "대표국적": "한국",
        "국적": "한국,독일",
        "배급사": "(주)씨제이이엔엠"
    },
    {
        "순위": "64",
        "영화명": "마스터",
        "개봉일": "2016-12-21",
        "매출액": "58068236865",
        "관객수": "7150586",
        "스크린수": "1501",
        "상영횟수": "126927",
        "대표국적": "한국",
        "국적": "한국",
        "배급사": "(주)씨제이이엔엠"
    },
    {
        "순위": "65",
        "영화명": "터널",
        "개봉일": "2016-08-10",
        "매출액": "57530903417",
        "관객수": "7120905",
        "스크린수": "1105",
        "상영횟수": "113215",
        "대표국적": "한국",
        "국적": "한국",
        "배급사": "(주)쇼박스"
    },
    {
        "순위": "66",
        "영화명": "어벤져스",
        "개봉일": "2012-04-26",
        "매출액": "59644552758",
        "관객수": "7087971",
        "스크린수": "967",
        "상영횟수": "112559",
        "대표국적": "미국",
        "국적": "미국",
        "배급사": "월트디즈니컴퍼니코리아 유한책임회사,한국소니픽쳐스릴리징브에나비스타영화㈜"
    },
    {
        "순위": "67",
        "영화명": "내부자들",
        "개봉일": "2015-11-19",
        "매출액": "56605193557",
        "관객수": "7073581",
        "스크린수": "1129",
        "상영횟수": "152783",
        "대표국적": "한국",
        "국적": "한국",
        "배급사": "(주)쇼박스"
    },
    {
        "순위": "68",
        "영화명": "인천상륙작전",
        "개봉일": "2016-07-27",
        "매출액": "55116471303",
        "관객수": "7051660",
        "스크린수": "1049",
        "상영횟수": "97038",
        "대표국적": "한국",
        "국적": "한국",
        "배급사": "(주)씨제이이엔엠"
    },
    {
        "순위": "69",
        "영화명": "공조2: 인터내셔날",
        "개봉일": "2022-09-07",
        "매출액": "70918411586",
        "관객수": "6983077",
        "스크린수": "2389",
        "상영횟수": "275817",
        "대표국적": "한국",
        "국적": "한국",
        "배급사": "(주)씨제이이엔엠"
    },
    {
        "순위": "70",
        "영화명": "럭키",
        "개봉일": "2016-10-13",
        "매출액": "56445323256",
        "관객수": "6975631",
        "스크린수": "1234",
        "상영횟수": "155991",
        "대표국적": "한국",
        "국적": "한국",
        "배급사": "(주)쇼박스"
    },
    {
        "순위": "71",
        "영화명": "은밀하게 위대하게",
        "개봉일": "2013-06-05",
        "매출액": "48700887413",
        "관객수": "6959083",
        "스크린수": "1341",
        "상영횟수": "117463",
        "대표국적": "한국",
        "국적": "한국",
        "배급사": "(주)쇼박스"
    },
    {
        "순위": "72",
        "영화명": "범죄도시",
        "개봉일": "2017-10-03",
        "매출액": "56322153349",
        "관객수": "6880546",
        "스크린수": "1315",
        "상영횟수": "149389",
        "대표국적": "한국",
        "국적": "한국",
        "배급사": "플러스엠 엔터테인먼트,(주)키위미디어그룹"
    },
    {
        "순위": "73",
        "영화명": "곡성",
        "개봉일": "2016-05-12",
        "매출액": "55864308382",
        "관객수": "6879989",
        "스크린수": "1485",
        "상영횟수": "130332",
        "대표국적": "한국",
        "국적": "한국,미국",
        "배급사": "이십세기폭스코리아(주)"
    },
    {
        "순위": "74",
        "영화명": "화려한 휴가",
        "개봉일": "2007-07-25",
        "매출액": "44098824600",
        "관객수": "6855433",
        "스크린수": "551",
        "상영횟수": "96536",
        "대표국적": "한국",
        "국적": "한국",
        "배급사": "CJ ENM"
    },
    {
        "순위": "75",
        "영화명": "좋은 놈, 나쁜 놈, 이상한 놈",
        "개봉일": "2008-07-17",
        "매출액": "43756029300",
        "관객수": "6686082",
        "스크린수": "824",
        "상영횟수": "93583",
        "대표국적": "한국",
        "국적": "한국",
        "배급사": "CJ ENM"
    },
    {
        "순위": "76",
        "영화명": "늑대소년",
        "개봉일": "2012-10-31",
        "매출액": "46598017400",
        "관객수": "6655501",
        "스크린수": "854",
        "상영횟수": "109262",
        "대표국적": "한국",
        "국적": "한국",
        "배급사": "(주)씨제이이엔엠"
    },
    {
        "순위": "77",
        "영화명": "군함도",
        "개봉일": "2017-07-26",
        "매출액": "50510565168",
        "관객수": "6592151",
        "스크린수": "2027",
        "상영횟수": "108775",
        "대표국적": "한국",
        "국적": "한국",
        "배급사": "(주)씨제이이엔엠"
    },
    {
        "순위": "78",
        "영화명": "미션 임파서블: 폴아웃",
        "개봉일": "2018-07-25",
        "매출액": "55923873912",
        "관객수": "6589061",
        "스크린수": "1957",
        "상영횟수": "101820",
        "대표국적": "미국",
        "국적": "미국",
        "배급사": "롯데컬처웍스(주)롯데엔터테인먼트"
    },
    {
        "순위": "79",
        "영화명": "웰컴 투 동막골",
        "개봉일": "2005-08-04",
        "매출액": "40285363500",
        "관객수": "6430103",
        "스크린수": "356",
        "상영횟수": "71968",
        "대표국적": "한국",
        "국적": "한국",
        "배급사": "(주)쇼박스"
    },
    {
        "순위": "80",
        "영화명": "다크 나이트 라이즈",
        "개봉일": "2012-07-19",
        "매출액": "47910613000",
        "관객수": "6428574",
        "스크린수": "1210",
        "상영횟수": "84755",
        "대표국적": "미국",
        "국적": "미국,영국",
        "배급사": "워너브러더스 코리아(주)"
    },
    {
        "순위": "81",
        "영화명": "사도",
        "개봉일": "2015-09-16",
        "매출액": "48846723501",
        "관객수": "6247745",
        "스크린수": "1210",
        "상영횟수": "124276",
        "대표국적": "한국",
        "국적": "한국",
        "배급사": "(주)쇼박스"
    },
    {
        "순위": "82",
        "영화명": "아저씨",
        "개봉일": "2010-08-04",
        "매출액": "47112062000",
        "관객수": "6179701",
        "스크린수": "500",
        "상영횟수": "110055",
        "대표국적": "한국",
        "국적": "한국",
        "배급사": "CJ ENM"
    },
    {
        "순위": "83",
        "영화명": "킹스맨 : 시크릿 에이전트",
        "개봉일": "2015-02-11",
        "매출액": "50369009795",
        "관객수": "6129681",
        "스크린수": "728",
        "상영횟수": "139988",
        "대표국적": "미국",
        "국적": "미국,영국",
        "배급사": "이십세기폭스코리아(주)"
    },
    {
        "순위": "84",
        "영화명": "미션 임파서블: 로그네이션",
        "개봉일": "2015-07-30",
        "매출액": "48547353607",
        "관객수": "6126488",
        "스크린수": "1202",
        "상영횟수": "89683",
        "대표국적": "미국",
        "국적": "미국",
        "배급사": "롯데쇼핑㈜롯데엔터테인먼트"
    },
    {
        "순위": "85",
        "영화명": "미녀는 괴로워",
        "개봉일": "2006-12-14",
        "매출액": "36258492900",
        "관객수": "6074814",
        "스크린수": "415",
        "상영횟수": "86960",
        "대표국적": "한국",
        "국적": "한국",
        "배급사": "(주)쇼박스"
    },
    {
        "순위": "86",
        "영화명": "전우치",
        "개봉일": "2009-12-23",
        "매출액": "44093417200",
        "관객수": "6065505",
        "스크린수": "612",
        "상영횟수": "102348",
        "대표국적": "한국",
        "국적": "한국",
        "배급사": "CJ ENM"
    },
    {
        "순위": "87",
        "영화명": "연평해전",
        "개봉일": "2015-06-24",
        "매출액": "45572665830",
        "관객수": "6045726",
        "스크린수": "1013",
        "상영횟수": "114497",
        "대표국적": "한국",
        "국적": "한국",
        "배급사": "(주)넥스트엔터테인먼트월드(NEW)"
    },
    {
        "순위": "88",
        "영화명": "인셉션",
        "개봉일": "2010-07-21",
        "매출액": "45149690940",
        "관객수": "6014915",
        "스크린수": "531",
        "상영횟수": "93242",
        "대표국적": "미국",
        "국적": "미국",
        "배급사": "(주)디스테이션,워너브러더스 코리아(주)"
    },
    {
        "순위": "89",
        "영화명": "레미제라블",
        "개봉일": "2012-12-19",
        "매출액": "43259985554",
        "관객수": "5945987",
        "스크린수": "696",
        "상영횟수": "85825",
        "대표국적": "미국",
        "국적": "미국",
        "배급사": "유니버설픽쳐스인터내셔널 코리아(유)"
    },
    {
        "순위": "90",
        "영화명": "닥터 스트레인지: 대혼돈의 멀티버스",
        "개봉일": "2022-05-04",
        "매출액": "62648728870",
        "관객수": "5884587",
        "스크린수": "2691",
        "상영횟수": "211097",
        "대표국적": "미국",
        "국적": "미국",
        "배급사": "월트디즈니컴퍼니코리아 유한책임회사"
    },
    {
        "순위": "91",
        "영화명": "캡틴 마블",
        "개봉일": "2019-03-06",
        "매출액": "51507488723",
        "관객수": "5802810",
        "스크린수": "2100",
        "상영횟수": "186382",
        "대표국적": "미국",
        "국적": "미국",
        "배급사": "월트디즈니컴퍼니코리아 유한책임회사"
    },
    {
        "순위": "92",
        "영화명": "타짜",
        "개봉일": "2006-09-28",
        "매출액": "36258766300",
        "관객수": "5692164",
        "스크린수": "492",
        "상영횟수": "77599",
        "대표국적": "한국",
        "국적": "한국",
        "배급사": "CJ ENM"
    },
    {
        "순위": "93",
        "영화명": "쥬라기 월드: 폴른 킹덤",
        "개봉일": "2018-06-06",
        "매출액": "49770711037",
        "관객수": "5661128",
        "스크린수": "1972",
        "상영횟수": "144779",
        "대표국적": "미국",
        "국적": "미국",
        "배급사": "유니버설픽쳐스인터내셔널 코리아(유)"
    },
    {
        "순위": "94",
        "영화명": "청년경찰",
        "개봉일": "2017-08-09",
        "매출액": "44382020516",
        "관객수": "5653444",
        "스크린수": "1102",
        "상영횟수": "118547",
        "대표국적": "한국",
        "국적": "한국",
        "배급사": "롯데쇼핑㈜롯데엔터테인먼트"
    },
    {
        "순위": "95",
        "영화명": "숨바꼭질",
        "개봉일": "2013-08-14",
        "매출액": "39602995500",
        "관객수": "5604106",
        "스크린수": "779",
        "상영횟수": "88066",
        "대표국적": "한국",
        "국적": "한국",
        "배급사": "(주)넥스트엔터테인먼트월드(NEW)"
    },
    {
        "순위": "96",
        "영화명": "덕혜옹주",
        "개봉일": "2016-08-03",
        "매출액": "44397248609",
        "관객수": "5599943",
        "스크린수": "964",
        "상영횟수": "97322",
        "대표국적": "한국",
        "국적": "한국",
        "배급사": "롯데쇼핑㈜롯데엔터테인먼트"
    },
    {
        "순위": "97",
        "영화명": "더 테러 라이브",
        "개봉일": "2013-07-31",
        "매출액": "39870954381",
        "관객수": "5584295",
        "스크린수": "809",
        "상영횟수": "93489",
        "대표국적": "한국",
        "국적": "한국",
        "배급사": "롯데쇼핑㈜롯데엔터테인먼트"
    },
    {
        "순위": "98",
        "영화명": "스즈메의 문단속",
        "개봉일": "2023-03-08",
        "매출액": "57132417311",
        "관객수": "5576882",
        "스크린수": "1572",
        "상영횟수": "244929",
        "대표국적": "일본",
        "국적": "일본",
        "배급사": "(주)쇼박스"
    },
    {
        "순위": "99",
        "영화명": "쥬라기 월드",
        "개봉일": "2015-06-11",
        "매출액": "47804159826",
        "관객수": "5547463",
        "스크린수": "1290",
        "상영횟수": "119248",
        "대표국적": "미국",
        "국적": "미국",
        "배급사": "유니버설픽쳐스인터내셔널 코리아(유)"
    },
    {
        "순위": "100",
        "영화명": "감시자들",
        "개봉일": "2013-07-03",
        "매출액": "39389732679",
        "관객수": "5509019",
        "스크린수": "949",
        "상영횟수": "100349",
        "대표국적": "한국",
        "국적": "한국",
        "배급사": "(주)넥스트엔터테인먼트월드(NEW)"
    },
    {
        "순위": "101",
        "영화명": "앤트맨과 와스프",
        "개봉일": "2018-07-04",
        "매출액": "47470638985",
        "관객수": "5448357",
        "스크린수": "1775",
        "상영횟수": "148269",
        "대표국적": "미국",
        "국적": "미국",
        "배급사": "월트디즈니컴퍼니코리아 유한책임회사"
    },
    {
        "순위": "102",
        "영화명": "닥터 스트레인지",
        "개봉일": "2016-10-26",
        "매출액": "47490572396",
        "관객수": "5447269",
        "스크린수": "1503",
        "상영횟수": "162879",
        "대표국적": "미국",
        "국적": "미국",
        "배급사": "월트디즈니컴퍼니코리아(주)"
    },
    {
        "순위": "103",
        "영화명": "검은 사제들",
        "개봉일": "2015-11-05",
        "매출액": "42412952592",
        "관객수": "5443232",
        "스크린수": "1109",
        "상영횟수": "131179",
        "대표국적": "한국",
        "국적": "한국",
        "배급사": "(주)씨제이이엔엠"
    },
    {
        "순위": "104",
        "영화명": "안시성",
        "개봉일": "2018-09-19",
        "매출액": "46343506526",
        "관객수": "5441207",
        "스크린수": "1540",
        "상영횟수": "110456",
        "대표국적": "한국",
        "국적": "한국",
        "배급사": "(주)넥스트엔터테인먼트월드(NEW)"
    },
    {
        "순위": "105",
        "영화명": "의형제",
        "개봉일": "2010-02-04",
        "매출액": "40154381000",
        "관객수": "5416923",
        "스크린수": "569",
        "상영횟수": "118251",
        "대표국적": "한국",
        "국적": "한국",
        "배급사": "(주)쇼박스"
    },
    {
        "순위": "106",
        "영화명": "블랙 팬서",
        "개봉일": "2018-02-14",
        "매출액": "45896080357",
        "관객수": "5400241",
        "스크린수": "1620",
        "상영횟수": "119239",
        "대표국적": "미국",
        "국적": "미국",
        "배급사": "월트디즈니컴퍼니코리아 유한책임회사"
    },
    {
        "순위": "107",
        "영화명": "2012",
        "개봉일": "2009-11-12",
        "매출액": "38941723000",
        "관객수": "5397597",
        "스크린수": "856",
        "상영횟수": "89309",
        "대표국적": "미국",
        "국적": "미국",
        "배급사": "한국소니픽쳐스릴리징브에나비스타영화㈜"
    },
    {
        "순위": "108",
        "영화명": "더 킹",
        "개봉일": "2017-01-18",
        "매출액": "43494687535",
        "관객수": "5318202",
        "스크린수": "1310",
        "상영횟수": "107989",
        "대표국적": "한국",
        "국적": "한국",
        "배급사": "(주)넥스트엔터테인먼트월드(NEW)"
    },
    {
        "순위": "109",
        "영화명": "완득이",
        "개봉일": "2011-10-20",
        "매출액": "38534841000",
        "관객수": "5311497",
        "스크린수": "629",
        "상영횟수": "117821",
        "대표국적": "한국",
        "국적": "한국",
        "배급사": "(주)씨제이이엔엠"
    },
    {
        "순위": "110",
        "영화명": "트랜스포머: 사라진 시대",
        "개봉일": "2014-06-25",
        "매출액": "44012752845",
        "관객수": "5295836",
        "스크린수": "1602",
        "상영횟수": "107875",
        "대표국적": "미국",
        "국적": "미국",
        "배급사": "(주)씨제이이엔엠"
    },
    {
        "순위": "111",
        "영화명": "완벽한 타인",
        "개봉일": "2018-10-31",
        "매출액": "44356976474",
        "관객수": "5294154",
        "스크린수": "1325",
        "상영횟수": "143075",
        "대표국적": "한국",
        "국적": "한국",
        "배급사": "롯데컬처웍스(주)롯데엔터테인먼트"
    },
    {
        "순위": "112",
        "영화명": "조커",
        "개봉일": "2019-10-02",
        "매출액": "45778663951",
        "관객수": "5284344",
        "스크린수": "1418",
        "상영횟수": "151193",
        "대표국적": "미국",
        "국적": "미국",
        "배급사": "워너브러더스 코리아(주)"
    },
    {
        "순위": "113",
        "영화명": "월드 워 Z",
        "개봉일": "2013-06-20",
        "매출액": "38589794000",
        "관객수": "5244336",
        "스크린수": "964",
        "상영횟수": "102831",
        "대표국적": "미국",
        "국적": "미국",
        "배급사": "롯데쇼핑㈜롯데엔터테인먼트"
    },
    {
        "순위": "114",
        "영화명": "타워",
        "개봉일": "2012-12-25",
        "매출액": "37656008000",
        "관객수": "5181244",
        "스크린수": "638",
        "상영횟수": "81151",
        "대표국적": "한국",
        "국적": "한국",
        "배급사": "(주)씨제이이엔엠"
    },
    {
        "순위": "115",
        "영화명": "미녀와 야수",
        "개봉일": "2017-03-16",
        "매출액": "42256681159",
        "관객수": "5156725",
        "스크린수": "1627",
        "상영횟수": "142745",
        "대표국적": "미국",
        "국적": "미국",
        "배급사": "월트디즈니컴퍼니코리아 유한책임회사"
    },
    {
        "순위": "116",
        "영화명": "밀수",
        "개봉일": "2023-07-26",
        "매출액": "49686998003",
        "관객수": "5143481",
        "스크린수": "1932",
        "상영횟수": "167673",
        "대표국적": "한국",
        "국적": "한국",
        "배급사": "(주)넥스트엔터테인먼트월드(NEW)"
    },
    {
        "순위": "117",
        "영화명": "미션 임파서블 3",
        "개봉일": "2006-05-03",
        "매출액": "32141243900",
        "관객수": "5124671",
        "스크린수": "437",
        "상영횟수": "72534",
        "대표국적": "미국",
        "국적": "미국",
        "배급사": "UIP코리아"
    },
    {
        "순위": "118",
        "영화명": "투사부일체",
        "개봉일": "2006-01-19",
        "매출액": "31949667000",
        "관객수": "5073037",
        "스크린수": "407",
        "상영횟수": "54332",
        "대표국적": "한국",
        "국적": "한국",
        "배급사": "CJ ENM"
    },
    {
        "순위": "119",
        "영화명": "쿵푸팬더 2",
        "개봉일": "2011-05-26",
        "매출액": "44310427500",
        "관객수": "5064796",
        "스크린수": "948",
        "상영횟수": "101447",
        "대표국적": "미국",
        "국적": "미국",
        "배급사": "(주)씨제이이엔엠"
    },
    {
        "순위": "120",
        "영화명": "독전",
        "개봉일": "2018-05-22",
        "매출액": "43491762113",
        "관객수": "5064323",
        "스크린수": "1532",
        "상영횟수": "140052",
        "대표국적": "한국",
        "국적": "한국",
        "배급사": "(주)넥스트엔터테인먼트월드(NEW)"
    },
    {
        "순위": "121",
        "영화명": "추격자",
        "개봉일": "2008-02-14",
        "매출액": "33986959000",
        "관객수": "5046096",
        "스크린수": "433",
        "상영횟수": "106805",
        "대표국적": "한국",
        "국적": "한국",
        "배급사": "(주)쇼박스"
    },
    {
        "순위": "122",
        "영화명": "아쿠아맨",
        "개봉일": "2018-12-19",
        "매출액": "44145008504",
        "관객수": "5041187",
        "스크린수": "1285",
        "상영횟수": "105440",
        "대표국적": "미국",
        "국적": "미국,호주",
        "배급사": "워너브러더스 코리아(주)"
    },
    {
        "순위": "123",
        "영화명": "공작",
        "개봉일": "2018-08-08",
        "매출액": "42795690816",
        "관객수": "4975517",
        "스크린수": "1317",
        "상영횟수": "99122",
        "대표국적": "한국",
        "국적": "한국",
        "배급사": "(주)씨제이이엔엠"
    },
    {
        "순위": "124",
        "영화명": "인사이드 아웃",
        "개봉일": "2015-07-09",
        "매출액": "38055237936",
        "관객수": "4972640",
        "스크린수": "931",
        "상영횟수": "84307",
        "대표국적": "미국",
        "국적": "미국",
        "배급사": "월트디즈니컴퍼니코리아(주)"
    },
    {
        "순위": "125",
        "영화명": "킹스맨: 골든 서클",
        "개봉일": "2017-09-27",
        "매출액": "40987484736",
        "관객수": "4945484",
        "스크린수": "1687",
        "상영횟수": "95922",
        "대표국적": "미국",
        "국적": "미국,영국",
        "배급사": "이십세기폭스코리아(주)"
    },
    {
        "순위": "126",
        "영화명": "바람과 함께 사라지다",
        "개봉일": "2012-08-08",
        "매출액": "34614720161",
        "관객수": "4909950",
        "스크린수": "694",
        "상영횟수": "78594",
        "대표국적": "한국",
        "국적": "한국",
        "배급사": "(주)넥스트엔터테인먼트월드(NEW)"
    },
    {
        "순위": "127",
        "영화명": "마션",
        "개봉일": "2015-10-08",
        "매출액": "39702034175",
        "관객수": "4887144",
        "스크린수": "1132",
        "상영횟수": "115967",
        "대표국적": "미국",
        "국적": "미국",
        "배급사": "월트디즈니컴퍼니코리아 유한책임회사,이십세기폭스코리아(주)"
    },
    {
        "순위": "128",
        "영화명": "더 퍼스트 슬램덩크",
        "개봉일": "2023-01-04",
        "매출액": "51067337745",
        "관객수": "4883922",
        "스크린수": "1060",
        "상영횟수": "238020",
        "대표국적": "일본",
        "국적": "일본",
        "배급사": "(주)넥스트엔터테인먼트월드(NEW)"
    },
    {
        "순위": "129",
        "영화명": "토르: 라그나로크",
        "개봉일": "2017-10-25",
        "매출액": "39261266595",
        "관객수": "4858572",
        "스크린수": "1640",
        "상영횟수": "137496",
        "대표국적": "미국",
        "국적": "미국",
        "배급사": "월트디즈니컴퍼니코리아 유한책임회사"
    },
    {
        "순위": "130",
        "영화명": "어메이징 스파이더맨",
        "개봉일": "2012-06-28",
        "매출액": "41165656235",
        "관객수": "4853273",
        "스크린수": "1118",
        "상영횟수": "92766",
        "대표국적": "미국",
        "국적": "미국",
        "배급사": "한국소니픽쳐스릴리징브에나비스타영화㈜"
    },
    {
        "순위": "131",
        "영화명": "님아, 그 강을 건너지 마오",
        "개봉일": "2014-11-27",
        "매출액": "37366316579",
        "관객수": "4803505",
        "스크린수": "806",
        "상영횟수": "93566",
        "대표국적": "한국",
        "국적": "한국",
        "배급사": "CGV아트하우스,(주)대명문화공장"
    },
    {
        "순위": "132",
        "영화명": "봉오동 전투",
        "개봉일": "2019-08-07",
        "매출액": "40593705038",
        "관객수": "4788118",
        "스크린수": "1476",
        "상영횟수": "107055",
        "대표국적": "한국",
        "국적": "한국",
        "배급사": "(주)쇼박스"
    },
    {
        "순위": "133",
        "영화명": "조선명탐정 : 각시투구꽃의 비밀",
        "개봉일": "2011-01-27",
        "매출액": "35842409500",
        "관객수": "4786369",
        "스크린수": "632",
        "상영횟수": "84145",
        "대표국적": "한국",
        "국적": "한국",
        "배급사": "(주)쇼박스"
    },
    {
        "순위": "134",
        "영화명": "군도: 민란의 시대",
        "개봉일": "2014-07-23",
        "매출액": "36992608499",
        "관객수": "4775990",
        "스크린수": "1394",
        "상영횟수": "67261",
        "대표국적": "한국",
        "국적": "한국",
        "배급사": "(주)쇼박스"
    },
    {
        "순위": "135",
        "영화명": "남산의 부장들",
        "개봉일": "2020-01-22",
        "매출액": "41229590550",
        "관객수": "4750859",
        "스크린수": "1659",
        "상영횟수": "140219",
        "대표국적": "한국",
        "국적": "한국",
        "배급사": "(주)쇼박스"
    },
    {
        "순위": "136",
        "영화명": "라이온 킹",
        "개봉일": "2019-07-17",
        "매출액": "41519732430",
        "관객수": "4743295",
        "스크린수": "1936",
        "상영횟수": "126503",
        "대표국적": "미국",
        "국적": "미국",
        "배급사": "월트디즈니컴퍼니코리아 유한책임회사"
    },
    {
        "순위": "137",
        "영화명": "범죄와의 전쟁: 나쁜놈들 전성시대",
        "개봉일": "2012-02-02",
        "매출액": "36540977500",
        "관객수": "4720172",
        "스크린수": "713",
        "상영횟수": "91915",
        "대표국적": "한국",
        "국적": "한국",
        "배급사": "(주)쇼박스"
    },
    {
        "순위": "138",
        "영화명": "주토피아",
        "개봉일": "2016-02-17",
        "매출액": "37147956842",
        "관객수": "4711015",
        "스크린수": "735",
        "상영횟수": "131453",
        "대표국적": "미국",
        "국적": "미국",
        "배급사": "월트디즈니컴퍼니코리아(주)"
    },
    {
        "순위": "139",
        "영화명": "파일럿",
        "개봉일": "2024-07-31",
        "매출액": "43136533201",
        "관객수": "4708370",
        "스크린수": "1956",
        "상영횟수": "203204",
        "대표국적": "한국",
        "국적": "한국",
        "배급사": "롯데컬처웍스(주)롯데엔터테인먼트"
    },
    {
        "순위": "140",
        "영화명": "엣지 오브 투모로우",
        "개봉일": "2014-06-04",
        "매출액": "38786998201",
        "관객수": "4706213",
        "스크린수": "801",
        "상영횟수": "95776",
        "대표국적": "미국",
        "국적": "미국",
        "배급사": "워너브러더스 코리아(주)"
    },
    {
        "순위": "141",
        "영화명": "신세계",
        "개봉일": "2013-02-21",
        "매출액": "34931269185",
        "관객수": "4690270",
        "스크린수": "671",
        "상영횟수": "91865",
        "대표국적": "한국",
        "국적": "한국",
        "배급사": "(주)넥스트엔터테인먼트월드(NEW)"
    },
    {
        "순위": "142",
        "영화명": "신비한 동물사전",
        "개봉일": "2016-11-16",
        "매출액": "39365960288",
        "관객수": "4669702",
        "스크린수": "1431",
        "상영횟수": "116374",
        "대표국적": "미국",
        "국적": "미국,영국",
        "배급사": "워너브러더스 코리아(주)"
    },
    {
        "순위": "143",
        "영화명": "도가니",
        "개봉일": "2011-09-22",
        "매출액": "35570402000",
        "관객수": "4663377",
        "스크린수": "754",
        "상영횟수": "88251",
        "대표국적": "한국",
        "국적": "한국",
        "배급사": "(주)씨제이이엔엠"
    },
    {
        "순위": "144",
        "영화명": "쿵푸 팬더",
        "개봉일": "2008-06-05",
        "매출액": "29998156500",
        "관객수": "4654267",
        "스크린수": "563",
        "상영횟수": "79901",
        "대표국적": "미국",
        "국적": "미국",
        "배급사": "CJ ENM"
    },
    {
        "순위": "145",
        "영화명": "내 아내의 모든 것",
        "개봉일": "2012-05-17",
        "매출액": "34224467500",
        "관객수": "4598985",
        "스크린수": "563",
        "상영횟수": "91777",
        "대표국적": "한국",
        "국적": "한국",
        "배급사": "(주)넥스트엔터테인먼트월드(NEW)"
    },
    {
        "순위": "146",
        "영화명": "판도라",
        "개봉일": "2016-12-07",
        "매출액": "36069197064",
        "관객수": "4585116",
        "스크린수": "1184",
        "상영횟수": "100273",
        "대표국적": "한국",
        "국적": "한국",
        "배급사": "(주)넥스트엔터테인먼트월드(NEW)"
    },
    {
        "순위": "147",
        "영화명": "스파이더맨 3",
        "개봉일": "2007-05-01",
        "매출액": "29453324000",
        "관객수": "4582342",
        "스크린수": "802",
        "상영횟수": "79616",
        "대표국적": "미국",
        "국적": "미국",
        "배급사": "한국소니픽쳐스릴리징브에나비스타영화㈜"
    },
    {
        "순위": "148",
        "영화명": "맘마미아!",
        "개봉일": "2008-09-03",
        "매출액": "29693828850",
        "관객수": "4579143",
        "스크린수": "451",
        "상영횟수": "111812",
        "대표국적": "미국",
        "국적": "미국",
        "배급사": "유니버설픽쳐스인터내셔널 코리아(유)"
    },
    {
        "순위": "149",
        "영화명": "나쁜 녀석들: 더 무비",
        "개봉일": "2019-09-11",
        "매출액": "39560195124",
        "관객수": "4573902",
        "스크린수": "1511",
        "상영횟수": "113938",
        "대표국적": "한국",
        "국적": "한국",
        "배급사": "(주)씨제이이엔엠"
    },
    {
        "순위": "150",
        "영화명": "노량: 죽음의 바다",
        "개봉일": "2023-12-20",
        "매출액": "45008466375",
        "관객수": "4573426",
        "스크린수": "2196",
        "상영횟수": "155714",
        "대표국적": "한국",
        "국적": "한국",
        "배급사": "롯데컬처웍스(주)롯데엔터테인먼트,(주)에이스메이커무비웍스"
    },
    {
        "순위": "151",
        "영화명": "캐리비안의 해적: 세상의 끝에서",
        "개봉일": "2007-05-23",
        "매출액": "29122818500",
        "관객수": "4569391",
        "스크린수": "953",
        "상영횟수": "77968",
        "대표국적": "미국",
        "국적": "미국",
        "배급사": "한국소니픽쳐스릴리징브에나비스타영화㈜"
    },
    {
        "순위": "152",
        "영화명": "가문의 위기",
        "개봉일": "2005-09-07",
        "매출액": "28599708500",
        "관객수": "4526455",
        "스크린수": "349",
        "상영횟수": "60888",
        "대표국적": "한국",
        "국적": "한국",
        "배급사": "(주)쇼박스"
    },
    {
        "순위": "153",
        "영화명": "연가시",
        "개봉일": "2012-07-05",
        "매출액": "32176550664",
        "관객수": "4516063",
        "스크린수": "759",
        "상영횟수": "71932",
        "대표국적": "한국",
        "국적": "한국",
        "배급사": "(주)씨제이이엔엠"
    },
    {
        "순위": "154",
        "영화명": "터미네이터 : 미래전쟁의 시작",
        "개봉일": "2009-05-21",
        "매출액": "29689831500",
        "관객수": "4499580",
        "스크린수": "702",
        "상영횟수": "93738",
        "대표국적": "미국",
        "국적": "미국",
        "배급사": "롯데쇼핑㈜롯데엔터테인먼트"
    },
    {
        "순위": "155",
        "영화명": "강철비",
        "개봉일": "2017-12-14",
        "매출액": "35490646466",
        "관객수": "4452900",
        "스크린수": "1426",
        "상영횟수": "80360",
        "대표국적": "한국",
        "국적": "한국",
        "배급사": "(주)넥스트엔터테인먼트월드(NEW)"
    },
    {
        "순위": "156",
        "영화명": "아이언맨 2",
        "개봉일": "2010-04-29",
        "매출액": "32657025420",
        "관객수": "4426719",
        "스크린수": "921",
        "상영횟수": "88229",
        "대표국적": "미국",
        "국적": "미국",
        "배급사": "CJ ENM"
    },
    {
        "순위": "157",
        "영화명": "해리포터와 죽음의 성물2",
        "개봉일": "2011-07-13",
        "매출액": "34668545500",
        "관객수": "4421210",
        "스크린수": "757",
        "상영횟수": "70853",
        "대표국적": "미국",
        "국적": "미국",
        "배급사": "워너브러더스 코리아(주)"
    },
    {
        "순위": "158",
        "영화명": "다만 악에서 구하소서",
        "개봉일": "2020-08-05",
        "매출액": "38602897990",
        "관객수": "4357873",
        "스크린수": "1998",
        "상영횟수": "193850",
        "대표국적": "한국",
        "국적": "한국",
        "배급사": "(주)씨제이이엔엠"
    },
    {
        "순위": "159",
        "영화명": "헌트",
        "개봉일": "2022-08-10",
        "매출액": "44602463153",
        "관객수": "4352513",
        "스크린수": "1625",
        "상영횟수": "170966",
        "대표국적": "한국",
        "국적": "한국",
        "배급사": "플러스엠 엔터테인먼트"
    },
    {
        "순위": "160",
        "영화명": "엑스맨: 데이즈 오브 퓨처 패스트",
        "개봉일": "2014-05-22",
        "매출액": "34654558766",
        "관객수": "4313871",
        "스크린수": "1056",
        "상영횟수": "82722",
        "대표국적": "미국",
        "국적": "미국",
        "배급사": "이십세기폭스코리아(주)"
    },
    {
        "순위": "161",
        "영화명": "강철중: 공공의 적 1-1",
        "개봉일": "2008-06-19",
        "매출액": "28638472100",
        "관객수": "4313103",
        "스크린수": "707",
        "상영횟수": "74157",
        "대표국적": "한국",
        "국적": "한국",
        "배급사": "CJ ENM,(주)시네마서비스"
    },
    {
        "순위": "162",
        "영화명": "아이언맨",
        "개봉일": "2008-04-30",
        "매출액": "27937928520",
        "관객수": "4306077",
        "스크린수": "592",
        "상영횟수": "78985",
        "대표국적": "미국",
        "국적": "미국",
        "배급사": "CJ ENM"
    },
    {
        "순위": "163",
        "영화명": "아가씨",
        "개봉일": "2016-06-01",
        "매출액": "35221312991",
        "관객수": "4289008",
        "스크린수": "1171",
        "상영횟수": "90393",
        "대표국적": "한국",
        "국적": "한국",
        "배급사": "(주)씨제이이엔엠"
    },
    {
        "순위": "164",
        "영화명": "다크 나이트",
        "개봉일": "2008-08-06",
        "매출액": "28786695189",
        "관객수": "4283639",
        "스크린수": "462",
        "상영횟수": "75782",
        "대표국적": "미국",
        "국적": "미국",
        "배급사": "주식회사 해리슨앤컴퍼니,워너브러더스 코리아(주)"
    },
    {
        "순위": "165",
        "영화명": "박물관이 살아있다!",
        "개봉일": "2006-12-21",
        "매출액": "24399290200",
        "관객수": "4244803",
        "스크린수": "345",
        "상영횟수": "56497",
        "대표국적": "미국",
        "국적": "미국",
        "배급사": "이십세기폭스코리아(주)"
    },
    {
        "순위": "166",
        "영화명": "가디언즈 오브 갤럭시: Volume 3",
        "개봉일": "2023-05-03",
        "매출액": "44358441834",
        "관객수": "4209250",
        "스크린수": "1819",
        "상영횟수": "153745",
        "대표국적": "미국",
        "국적": "미국",
        "배급사": "월트디즈니컴퍼니코리아 유한책임회사"
    },
    {
        "순위": "167",
        "영화명": "말아톤",
        "개봉일": "2005-01-27",
        "매출액": "26272557000",
        "관객수": "4194959",
        "스크린수": "238",
        "상영횟수": "59375",
        "대표국적": "한국",
        "국적": "한국",
        "배급사": "(주)쇼박스"
    },
    {
        "순위": "168",
        "영화명": "어메이징 스파이더맨 2",
        "개봉일": "2014-04-23",
        "매출액": "34869101800",
        "관객수": "4168353",
        "스크린수": "1312",
        "상영횟수": "91715",
        "대표국적": "미국",
        "국적": "미국",
        "배급사": "소니픽쳐스릴리징월트디즈니스튜디오스코리아(주)"
    },
    {
        "순위": "169",
        "영화명": "용의자",
        "개봉일": "2013-12-24",
        "매출액": "30037521000",
        "관객수": "4131338",
        "스크린수": "807",
        "상영횟수": "69124",
        "대표국적": "한국",
        "국적": "한국",
        "배급사": "(주)쇼박스"
    },
    {
        "순위": "170",
        "영화명": "건축학개론",
        "개봉일": "2012-03-22",
        "매출액": "30252336900",
        "관객수": "4114968",
        "스크린수": "593",
        "상영횟수": "106870",
        "대표국적": "한국",
        "국적": "한국",
        "배급사": "롯데쇼핑㈜롯데엔터테인먼트"
    },
    {
        "순위": "171",
        "영화명": "인디아나 존스 4 : 크리스탈 해골의 왕국",
        "개봉일": "2008-05-22",
        "매출액": "26689440000",
        "관객수": "4111753",
        "스크린수": "771",
        "상영횟수": "75393",
        "대표국적": "미국",
        "국적": "미국",
        "배급사": "CJ ENM"
    },
    {
        "순위": "172",
        "영화명": "미이라 3:황제의 무덤",
        "개봉일": "2008-07-30",
        "매출액": "26217311000",
        "관객수": "4090885",
        "스크린수": "634",
        "상영횟수": "64779",
        "대표국적": "미국",
        "국적": "미국",
        "배급사": "유니버설픽쳐스인터내셔널 코리아(유)"
    },
    {
        "순위": "173",
        "영화명": "댄싱퀸",
        "개봉일": "2012-01-18",
        "매출액": "30130775500",
        "관객수": "4058225",
        "스크린수": "544",
        "상영횟수": "80987",
        "대표국적": "한국",
        "국적": "한국",
        "배급사": "(주)씨제이이엔엠"
    },
    {
        "순위": "174",
        "영화명": "7급 공무원",
        "개봉일": "2009-04-22",
        "매출액": "26380710000",
        "관객수": "4039891",
        "스크린수": "475",
        "상영횟수": "90779",
        "대표국적": "한국",
        "국적": "한국",
        "배급사": "롯데쇼핑㈜롯데엔터테인먼트"
    },
    {
        "순위": "175",
        "영화명": "미션 임파서블: 데드 레코닝 PART ONE",
        "개봉일": "2023-07-12",
        "매출액": "40430706769",
        "관객수": "4022291",
        "스크린수": "2437",
        "상영횟수": "137978",
        "대표국적": "미국",
        "국적": "미국",
        "배급사": "롯데컬처웍스(주)롯데엔터테인먼트"
    },
    {
        "순위": "176",
        "영화명": "우리 생애 최고의 순간",
        "개봉일": "2008-01-10",
        "매출액": "26119898000",
        "관객수": "4018872",
        "스크린수": "418",
        "상영횟수": "70724",
        "대표국적": "한국",
        "국적": "한국",
        "배급사": "(주)싸이더스"
    },
    {
        "순위": "177",
        "영화명": "꾼",
        "개봉일": "2017-11-22",
        "매출액": "31313568795",
        "관객수": "4018341",
        "스크린수": "1314",
        "상영횟수": "117419",
        "대표국적": "한국",
        "국적": "한국",
        "배급사": "(주)쇼박스"
    },
    {
        "순위": "178",
        "영화명": "타짜-신의 손",
        "개봉일": "2014-09-03",
        "매출액": "32373120927",
        "관객수": "4015361",
        "스크린수": "890",
        "상영횟수": "80584",
        "대표국적": "한국",
        "국적": "한국",
        "배급사": "롯데쇼핑㈜롯데엔터테인먼트,(주)싸이더스"
    },
    {
        "순위": "179",
        "영화명": "혹성탈출: 반격의 서막",
        "개봉일": "2014-07-10",
        "매출액": "31514053095",
        "관객수": "4002560",
        "스크린수": "956",
        "상영횟수": "72881",
        "대표국적": "미국",
        "국적": "미국",
        "배급사": "이십세기폭스코리아(주)"
    },
    {
        "순위": "180",
        "영화명": "쿵푸팬더3",
        "개봉일": "2016-01-28",
        "매출액": "31340813156",
        "관객수": "3984814",
        "스크린수": "1365",
        "상영횟수": "97405",
        "대표국적": "미국",
        "국적": "미국",
        "배급사": "(주)씨제이이엔엠"
    },
    {
        "순위": "181",
        "영화명": "캡틴 아메리카: 윈터 솔져",
        "개봉일": "2014-03-26",
        "매출액": "31728426385",
        "관객수": "3964965",
        "스크린수": "1106",
        "상영횟수": "110158",
        "대표국적": "미국",
        "국적": "미국",
        "배급사": "월트디즈니컴퍼니코리아 유한책임회사,소니픽쳐스릴리징월트디즈니스튜디오스코리아(주)"
    },
    {
        "순위": "182",
        "영화명": "매드 맥스: 분노의 도로",
        "개봉일": "2015-05-14",
        "매출액": "34088853006",
        "관객수": "3949545",
        "스크린수": "799",
        "상영횟수": "106737",
        "대표국적": "미국",
        "국적": "미국,호주",
        "배급사": "워너브러더스 코리아(주)"
    },
    {
        "순위": "183",
        "영화명": "너의 이름은.",
        "개봉일": "2017-01-04",
        "매출액": "31873370537",
        "관객수": "3917514",
        "스크린수": "947",
        "상영횟수": "93936",
        "대표국적": "일본",
        "국적": "일본",
        "배급사": "플러스엠 엔터테인먼트"
    },
    {
        "순위": "184",
        "영화명": "캐리비안의 해적 : 망자의 함",
        "개봉일": "2006-07-06",
        "매출액": "23832939000",
        "관객수": "3911617",
        "스크린수": "456",
        "상영횟수": "49648",
        "대표국적": "미국",
        "국적": "미국",
        "배급사": "브에나비스타인터내셔널코리아"
    },
    {
        "순위": "185",
        "영화명": "박수건달",
        "개봉일": "2013-01-09",
        "매출액": "28379548569",
        "관객수": "3897969",
        "스크린수": "603",
        "상영횟수": "60604",
        "대표국적": "한국",
        "국적": "한국",
        "배급사": "(주)쇼박스"
    },
    {
        "순위": "186",
        "영화명": "베놈",
        "개봉일": "2018-10-03",
        "매출액": "34100211207",
        "관객수": "3888096",
        "스크린수": "1308",
        "상영횟수": "116149",
        "대표국적": "미국",
        "국적": "미국",
        "배급사": "소니픽쳐스엔터테인먼트코리아주식회사극장배급지점"
    },
    {
        "순위": "187",
        "영화명": "조선명탐정 : 사라진 놉의 딸",
        "개봉일": "2015-02-11",
        "매출액": "30456879428",
        "관객수": "3872015",
        "스크린수": "825",
        "상영횟수": "80499",
        "대표국적": "한국",
        "국적": "한국",
        "배급사": "(주)쇼박스"
    },
    {
        "순위": "188",
        "영화명": "역린",
        "개봉일": "2014-04-30",
        "매출액": "29895031890",
        "관객수": "3849700",
        "스크린수": "1054",
        "상영횟수": "83304",
        "대표국적": "한국",
        "국적": "한국",
        "배급사": "롯데쇼핑㈜롯데엔터테인먼트"
    },
    {
        "순위": "189",
        "영화명": "콘크리트 유토피아",
        "개봉일": "2023-08-09",
        "매출액": "37413826232",
        "관객수": "3849344",
        "스크린수": "1731",
        "상영횟수": "150920",
        "대표국적": "한국",
        "국적": "한국",
        "배급사": "롯데컬처웍스(주)롯데엔터테인먼트"
    },
    {
        "순위": "190",
        "영화명": "남한산성",
        "개봉일": "2017-10-03",
        "매출액": "31225655792",
        "관객수": "3849159",
        "스크린수": "1229",
        "상영횟수": "71117",
        "대표국적": "한국",
        "국적": "한국",
        "배급사": "(주)씨제이이엔엠"
    },
    {
        "순위": "191",
        "영화명": "반도",
        "개봉일": "2020-07-15",
        "매출액": "33078694380",
        "관객수": "3812954",
        "스크린수": "2575",
        "상영횟수": "199267",
        "대표국적": "한국",
        "국적": "한국",
        "배급사": "(주)넥스트엔터테인먼트월드(NEW)"
    },
    {
        "순위": "192",
        "영화명": "라라랜드",
        "개봉일": "2016-12-07",
        "매출액": "31398468278",
        "관객수": "3793377",
        "스크린수": "727",
        "상영횟수": "116290",
        "대표국적": "미국",
        "국적": "미국",
        "배급사": "판씨네마(주)"
    },
    {
        "순위": "193",
        "영화명": "암수살인",
        "개봉일": "2018-10-03",
        "매출액": "32998321048",
        "관객수": "3789553",
        "스크린수": "1177",
        "상영횟수": "126129",
        "대표국적": "한국",
        "국적": "한국",
        "배급사": "(주)쇼박스"
    },
    {
        "순위": "194",
        "영화명": "데드풀 2",
        "개봉일": "2018-05-16",
        "매출액": "34185664639",
        "관객수": "3784602",
        "스크린수": "1576",
        "상영횟수": "113288",
        "대표국적": "미국",
        "국적": "미국",
        "배급사": "이십세기폭스코리아(주)"
    },
    {
        "순위": "195",
        "영화명": "국가부도의 날",
        "개봉일": "2018-11-28",
        "매출액": "30895253837",
        "관객수": "3755495",
        "스크린수": "1180",
        "상영횟수": "101184",
        "대표국적": "한국",
        "국적": "한국",
        "배급사": "(주)씨제이이엔엠"
    },
    {
        "순위": "196",
        "영화명": "쌍화점",
        "개봉일": "2008-12-30",
        "매출액": "25411823400",
        "관객수": "3749034",
        "스크린수": "532",
        "상영횟수": "72498",
        "대표국적": "한국",
        "국적": "한국",
        "배급사": "(주)쇼박스"
    },
    {
        "순위": "197",
        "영화명": "신기전",
        "개봉일": "2008-09-04",
        "매출액": "24326413000",
        "관객수": "3728440",
        "스크린수": "585",
        "상영횟수": "78463",
        "대표국적": "한국",
        "국적": "한국",
        "배급사": "CJ ENM"
    },
    {
        "순위": "198",
        "영화명": "비긴 어게인",
        "개봉일": "2014-08-13",
        "매출액": "29517517811",
        "관객수": "3705940",
        "스크린수": "525",
        "상영횟수": "103208",
        "대표국적": "미국",
        "국적": "미국",
        "배급사": "판씨네마(주)"
    },
    {
        "순위": "199",
        "영화명": "해리 포터와 불사조 기사단",
        "개봉일": "2007-07-11",
        "매출액": "23010956770",
        "관객수": "3702538",
        "스크린수": "768",
        "상영횟수": "53631",
        "대표국적": "미국",
        "국적": "미국",
        "배급사": "워너브러더스 코리아(주)"
    },
    {
        "순위": "200",
        "영화명": "미이라",
        "개봉일": "2017-06-06",
        "매출액": "30504689978",
        "관객수": "3689325",
        "스크린수": "1257",
        "상영횟수": "105228",
        "대표국적": "미국",
        "국적": "미국",
        "배급사": "유니버설픽쳐스인터내셔널 코리아(유)"
    }
]